% !Mode:: "TeX:UTF-8"
%
%The bibitems are sorted by pulication date and AUTHOR name.
%

@article{lewis2020retrieval,
  title={Retrieval-augmented generation for knowledge-intensive nlp tasks},
  author={Lewis, Patrick and Perez, Ethan and Piktus, Aleksandra and Petroni, Fabio and Karpukhin, Vladimir and Goyal, Naman and K{\"u}ttler, Heinrich and Lewis, Mike and Yih, Wen-tau and Rockt{\"a}schel, Tim and others},
  journal={Advances in Neural Information Processing Systems},
  volume={33},
  pages={9459--9474},
  year={2020}
}

@online{gpts2023,
  title = {Introducing GPTs},
  author = {OpenAI},
  date = {2023-11-06},
  url = {https://openai.com/index/introducing-gpts/},
  urldate = {\today}
}